# 多智能体环境
@article{papoudakis2020benchmarking,
  title={Benchmarking multi-agent deep reinforcement learning algorithms in cooperative tasks},
  author={Papoudakis, Georgios and Christianos, Filippos and Sch{\"a}fer, Lukas and Albrecht, Stefano V},
  journal={arXiv preprint arXiv:2006.07869},
  year={2020}
}
@article{bard2020hanabi,
  title={The hanabi challenge: A new frontier for ai research},
  author={Bard, Nolan and Foerster, Jakob N and Chandar, Sarath and Burch, Neil and Lanctot, Marc and Song, H Francis and Parisotto, Emilio and Dumoulin, Vincent and Moitra, Subhodeep and Hughes, Edward and others},
  journal={Artificial Intelligence},
  volume={280},
  pages={103216},
  year={2020},
  publisher={Elsevier}
}
@article{lowe2017multi,
  title={Multi-agent actor-critic for mixed cooperative-competitive environments},
  author={Lowe, Ryan and Wu, Yi I and Tamar, Aviv and Harb, Jean and Pieter Abbeel, OpenAI and Mordatch, Igor},
  journal={Advances in neural information processing systems},
  volume={30},
  year={2017}
}
@inproceedings{kurach2020google,
  title={Google research football: A novel reinforcement learning environment},
  author={Kurach, Karol and Raichuk, Anton and Sta{\'n}czyk, Piotr and Zaj{\k{a}}c, Micha{\l} and BFalseachem, Olivier and Espeholt, Lasse and Riquelme, Carlos and Vincent, Damien and Michalski, Marcin and Bousquet, Olivier and others},
  booktitle={Proceedings of the AAAI conference on artificial intelligence},
  volume={34},
  number={04},
  pages={4501--4510},
  year={2020}
}
@article{samvelyan2019starcraft,
  title={The starcraft multi-agent challenge},
  author={Samvelyan, Mikayel and Rashid, Tabish and De Witt, Christian Schroeder and Farquhar, Gregory and Nardelli, Nantas and Rudner, Tim GJ and Hung, Chia-Man and Torr, Philip HS and Foerster, Jakob and Whiteson, Shimon},
  journal={arXiv preprint arXiv:1902.04043},
  year={2019}
}
@article{vinyals2017starcraft,
  title={Starcraft ii: A new challenge for reinforcement learning},
  author={Vinyals, Oriol and Ewalds, Timo and Bartunov, Sergey and Georgiev, Petko and Vezhnevets, Alexander Sasha and Yeo, Michelle and Makhzani, Alireza and K{\"u}ttler, Heinrich and Agapiou, John and Schrittwieser, Julian and others},
  journal={arXiv preprint arXiv:1708.04782},
  year={2017}
}

@article{zhu2022survey,
  title={A survey of multi-agent reinforcement learning with communication},
  author={Zhu, Changxi and Dastani, Mehdi and Wang, Shihan},
  journal={arXiv preprint arXiv:2203.08975},
  volume={1},
  year={2022}
}
@article{papoudakis2019dealing,
  title={Dealing with non-stationarity in multi-agent deep reinforcement learning},
  author={Papoudakis, Georgios and Christianos, Filippos and Rahman, Arrasy and Albrecht, Stefano V},
  journal={arXiv preprint arXiv:1906.04737},
  year={2019}
}
@article{wang2021towards,
  title={Towards understanding cooperative multi-agent q-learning with value factorization},
  author={Wang, Jianhao and Ren, Zhizhou and Han, Beining and Ye, Jianing and Zhang, Chongjie},
  journal={Advances in Neural Information Processing Systems},
  volume={34},
  pages={29142--29155},
  year={2021}
}
@book{zhang2011scaling,
  title={Scaling multi-agent learning in complex environments},
  author={Zhang, Chongjie},
  year={2011},
  publisher={University of Massachusetts Amherst}
}
@inproceedings{christianos2021scaling,
  title={Scaling multi-agent reinforcement learning with selective parameter sharing},
  author={Christianos, Filippos and Papoudakis, Georgios and Rahman, Muhammad A and Albrecht, Stefano V},
  booktitle={International Conference on Machine Learning},
  pages={1989--1998},
  year={2021},
  organization={PMLR}
}
# 多智能体任务分配
@article{gerkey2004formal,
  title={A formal analysis and taxonomy of task allocation in multi-robot systems},
  author={Gerkey, Brian P and Matari{\'c}, Maja J},
  journal={The International journal of robotics research},
  volume={23},
  number={9},
  pages={939--954},
  year={2004},
  publisher={SAGE Publications}
}
@article{khamis2015multi,
  title={Multi-robot task allocation: A review of the state-of-the-art},
  author={Khamis, Alaa and Hussein, Ahmed and Elmogy, Ahmed},
  journal={Cooperative robots and sensor networks 2015},
  pages={31--51},
  year={2015},
  publisher={Springer}
}
@article{yang2022ldsa,
  title={Ldsa: Learning dynamic subtask assignment in cooperative multi-agent reinforcement learning},
  author={Yang, Mingyu and Zhao, Jian and Hu, Xunhan and Zhou, Wengang and Zhu, Jiangcheng and Li, Houqiang},
  journal={Advances in Neural Information Processing Systems},
  volume={35},
  pages={1698--1710},
  year={2022}
}
@article{iqbal2022alma,
  title={ALMA: Hierarchical Learning for Composite Multi-Agent Tasks},
  author={Iqbal, Shariq and Costales, Robby and Sha, Fei},
  journal={Advances in Neural Information Processing Systems},
  volume={35},
  pages={7155--7166},
  year={2022}
}

# 分手厨房
@inproceedings{wangbeyond,
  title={Beyond Single Stationary Policies: Meta-Task Players as Naturally Superior Collaborators},
  author={Wang, Haoming and Tian, Zhaoming and Song, Yunpeng and Zhang, Xiangliang and Cai, Zhongmin},
  booktitle={The Thirty-eighth Annual Conference on Neural Information Processing Systems}
}
@article{guan2023efficient,
  title={Efficient Human-AI Coordination via Preparatory Language-based Convention},
  author={Guan, Cong and Zhang, Lichao and Fan, Chunpeng and Li, Yichen and Chen, Feng and Li, Lihe and Tian, Yunjia and Yuan, Lei and Yu, Yang},
  journal={arXiv preprint arXiv:2311.00416},
  year={2023}
}
@article{zhang2023proagent,
  title={Proagent: Building proactive cooperative ai with large language models},
  author={Zhang, Ceyao and Yang, Kaijie and Hu, Siyi and Wang, Zihao and Li, Guanghe and Sun, Yihang and Zhang, Cheng and Zhang, Zhaowei and Liu, Anji and Zhu, Song-Chun and others},
  journal={arXiv preprint arXiv:2308.11339},
  year={2023}
}
@article{carroll2019utility,
  title={On the utility of learning about humans for human-ai coordination},
  author={Carroll, Micah and Shah, Rohin and Ho, Mark K and Griffiths, Tom and Seshia, Sanjit and Abbeel, Pieter and Dragan, Anca},
  journal={Advances in neural information processing systems},
  volume={32},
  year={2019}
}
@article{hong2023learning,
  title={Learning to Influence Human Behavior with Offline Reinforcement Learning},
  author={Hong, Joey and Dragan, Anca and Levine, Sergey},
  journal={arXiv preprint arXiv:2303.02265},
  year={2023}
}
@article{knott2021evaluating,
  title={Evaluating the robustness of collaborative agents},
  author={Knott, Paul and Carroll, Micah and Devlin, Sam and Ciosek, Kamil and Hofmann, Katja and Dragan, Anca D and Shah, Rohin},
  journal={arXiv preprint arXiv:2101.05507},
  year={2021}
}
@article{laidlaw2022boltzmann,
  title={The Boltzmann Policy Distribution: Accounting for Systematic Suboptimality in Human Models},
  author={Laidlaw, Cassidy and Dragan, Anca},
  journal={arXiv preprint arXiv:2204.10759},
  year={2022}
}
@inproceedings{sarkar2022pantheonrl,
  title={PantheonRL: A MARL Library for Dynamic Training Interactions},
  author={Sarkar, Bidipta and Talati, Aditi and Shih, Andy and Sadigh, Dorsa},
  booktitle={Proceedings of the AAAI Conference on Artificial Intelligence},
  volume={36},
  number={11},
  pages={13221--13223},
  year={2022}
}
## zero-shot coordination
@article{li2023cooperative,
  title={Cooperative Open-ended Learning Framework for Zero-shot Coordination},
  author={Li, Yang and Zhang, Shao and Sun, Jichen and Du, Yali and Wen, Ying and Wang, Xinbing and Pan, Wei},
  journal={arXiv preprint arXiv:2302.04831},
  year={2023}
}
@article{strouse2021collaborating,
  title={Collaborating with humans without human data},
  author={Strouse, DJ and McKee, Kevin and Botvinick, Matt and Hughes, Edward and Everett, Richard},
  journal={Advances in Neural Information Processing Systems},
  volume={34},
  pages={14502--14515},
  year={2021}
}
@inproceedings{hu2020other,
  title={“other-play” for zero-shot coordination},
  author={Hu, Hengyuan and Lerer, Adam and Peysakhovich, Alex and Foerster, Jakob},
  booktitle={International Conference on Machine Learning},
  pages={4399--4410},
  year={2020},
  organization={PMLR}
}

@inproceedings{lupu2021trajectory,
  title={Trajectory diversity for zero-shot coordination},
  author={Lupu, Andrei and Cui, Brandon and Hu, Hengyuan and Foerster, Jakob},
  booktitle={International conference on machine learning},
  pages={7204--7213},
  year={2021},
  organization={PMLR}
}
@inproceedings{zhao2023maximum,
  title={Maximum entropy population-based training for zero-shot human-ai coordination},
  author={Zhao, Rui and Song, Jinming and Yuan, Yufeng and Hu, Haifeng and Gao, Yang and Wu, Yi and Sun, Zhongqian and Yang, Wei},
  booktitle={Proceedings of the AAAI Conference on Artificial Intelligence},
  volume={37},
  number={5},
  pages={6145--6153},
  year={2023}
}
@inproceedings{stone2010ad,
  title={Ad hoc autonomous agent teams: Collaboration without pre-coordination},
  author={Stone, Peter and Kaminka, Gal and Kraus, Sarit and Rosenschein, Jeffrey},
  booktitle={Proceedings of the AAAI Conference on Artificial Intelligence},
  volume={24},
  number={1},
  pages={1504--1509},
  year={2010}
}
@article{yu2023learning,
  title={Learning Zero-Shot Cooperation with Humans, Assuming Humans Are Biased},
  author={Yu, Chao and Gao, Jiaxuan and Liu, Weilin and Xu, Botian and Tang, Hao and Yang, Jiaqi and Wang, Yu and Wu, Yi},
  journal={arXiv preprint arXiv:2302.01605},
  year={2023}
}
#人机价值对齐
@article{yuan2022situ,
  title={In situ bidirectional human-robot value alignment},
  author={Yuan, Luyao and Gao, Xiaofeng and Zheng, Zilong and Edmonds, Mark and Wu, Ying Nian and Rossano, Federico and Lu, Hongjing and Zhu, Yixin and Zhu, Song-Chun},
  journal={Science robotics},
  volume={7},
  number={68},
  pages={eabm4183},
  year={2022},
  publisher={American Association for the Advancement of Science}
}


# 人机合作
@inproceedings{choudhury2019utility,
  title={On the utility of model learning in hri},
  author={Choudhury, Rohan and Swamy, Gokul and Hadfield-Menell, Dylan and Dragan, Anca D},
  booktitle={2019 14th ACM/IEEE International Conference on Human-Robot Interaction (HRI)},
  pages={317--325},
  year={2019},
  organization={IEEE}
}
@article{jaderberg2019human,
  title={Human-level performance in 3D multiplayer games with population-based reinforcement learning},
  author={Jaderberg, Max and Czarnecki, Wojciech M and Dunning, Iain and Marris, Luke and Lever, Guy and Castaneda, Antonio Garcia and Beattie, Charles and Rabinowitz, Neil C and Morcos, Ari S and Ruderman, Avraham and others},
  journal={Science},
  volume={364},
  number={6443},
  pages={859--865},
  year={2019},
  publisher={American Association for the Advancement of Science}
}
@article{dafoe2020open,
  title={Open problems in cooperative AI},
  author={Dafoe, Allan and Hughes, Edward and Bachrach, Yoram and Collins, Tantum and McKee, Kevin R and Leibo, Joel Z and Larson, Kate and Graepel, Thore},
  journal={arXiv preprint arXiv:2012.08630},
  year={2020}
}
@article{klien2004ten,
  title={Ten challenges for making automation a" team player" in joint human-agent activity},
  author={Klien, Glen and Woods, David D and Bradshaw, Jeffrey M and Hoffman, Robert R and Feltovich, Paul J},
  journal={IEEE Intelligent Systems},
  volume={19},
  number={6},
  pages={91--95},
  year={2004},
  publisher={IEEE}
}
@article{mckee2022quantifying,
  title={Quantifying the effects of environment and population diversity in multi-agent reinforcement learning},
  author={McKee, Kevin R and Leibo, Joel Z and Beattie, Charlie and Everett, Richard},
  journal={Autonomous Agents and Multi-Agent Systems},
  volume={36},
  number={1},
  pages={21},
  year={2022},
  publisher={Springer}
}
@article{schulman2017proximal,
  title={Proximal policy optimization algorithms},
  author={Schulman, John and Wolski, Filip and Dhariwal, Prafulla and Radford, Alec and Klimov, Oleg},
  journal={arXiv preprint arXiv:1707.06347},
  year={2017}
}

@article{openAI2019,
  title={How to train your OpenAI Five},
  author={OpenAI},
  journal={https://openai.com/blog/ how-to-train-your-openai-five/},
  year={2019}
}
@article{chandak2020towards,
  title={Towards safe policy improvement for non-stationary MDPs},
  author={Chandak, Yash and Jordan, Scott and Theocharous, Georgios and White, Martha and Thomas, Philip S},
  journal={Advances in Neural Information Processing Systems},
  volume={33},
  pages={9156--9168},
  year={2020}
}
# PBT
@article{jaderberg2017population,
  title={Population based training of neural networks},
  author={Jaderberg, Max and Dalibard, Valentin and Osindero, Simon and Czarnecki, Wojciech M and Donahue, Jeff and Razavi, Ali and Vinyals, Oriol and Green, Tim and Dunning, Iain and Simonyan, Karen and others},
  journal={arXiv preprint arXiv:1711.09846},
  year={2017}
}
# SP
@article{silver2017mastering,
  title={Mastering chess and shogi by self-play with a general reinforcement learning algorithm},
  author={Silver, David and Hubert, Thomas and Schrittwieser, Julian and Antonoglou, Ioannis and Lai, Matthew and Guez, Arthur and Lanctot, Marc and Sifre, Laurent and Kumaran, Dharshan and Graepel, Thore and others},
  journal={arXiv preprint arXiv:1712.01815},
  year={2017}
}

# 协作大模型
@article{wen2022multi,
  title={Multi-agent reinforcement learning is a sequence modeling problem},
  author={Wen, Muning and Kuba, Jakub and Lin, Runji and Zhang, Weinan and Wen, Ying and Wang, Jun and Yang, Yaodong},
  journal={Advances in Neural Information Processing Systems},
  volume={35},
  pages={16509--16521},
  year={2022}
}
@article{zhu2023madiff,
  title={MADiff: Offline Multi-agent Learning with Diffusion Models},
  author={Zhu, Zhengbang and Liu, Minghuan and Mao, Liyuan and Kang, Bingyi and Xu, Minkai and Yu, Yong and Ermon, Stefano and Zhang, Weinan},
  journal={arXiv preprint arXiv:2305.17330},
  year={2023}
}

# mappo
@article{yu2022surprising,
  title={The surprising effectiveness of ppo in cooperative multi-agent games},
  author={Yu, Chao and Velu, Akash and Vinitsky, Eugene and Gao, Jiaxuan and Wang, Yu and Bayen, Alexandre and Wu, Yi},
  journal={Advances in Neural Information Processing Systems},
  volume={35},
  pages={24611--24624},
  year={2022}
}
@article{sunehag2017value,
  title={Value-decomposition networks for cooperative multi-agent learning},
  author={Sunehag, Peter and Lever, Guy and Gruslys, Audrunas and Czarnecki, Wojciech Marian and Zambaldi, Vinicius and Jaderberg, Max and Lanctot, Marc and Sonnerat, Nicolas and Leibo, Joel Z and Tuyls, Karl and others},
  journal={arXiv preprint arXiv:1706.05296},
  year={2017}
}
@article{rashid2020monotonic,
  title={Monotonic value function factorisation for deep multi-agent reinforcement learning},
  author={Rashid, Tabish and Samvelyan, Mikayel and De Witt, Christian Schroeder and Farquhar, Gregory and Foerster, Jakob and Whiteson, Shimon},
  journal={Journal of Machine Learning Research},
  volume={21},
  number={178},
  pages={1--51},
  year={2020}
}